<record><leader>00000cas a22000007a 4500</leader><controlfield tag="001">17210440</controlfield><controlfield tag="008">871209d1928193unyuwr ne      0    0eng d</controlfield><datafield ind1=" " ind2=" " tag="010"><subfield code="a">sn 87070434 </subfield></datafield><datafield ind1=" " ind2=" " tag="040"><subfield code="a">NYS</subfield><subfield code="b">eng</subfield><subfield code="c">NYS</subfield><subfield code="d">OCLCQ</subfield><subfield code="d">NYG</subfield></datafield><datafield ind1=" " ind2=" " tag="042"><subfield code="a">msc</subfield></datafield><datafield ind1=" " ind2=" " tag="043"><subfield code="a">n-us-ny</subfield></datafield><datafield ind1="0" ind2=" " tag="130"><subfield code="a">Transcript (Rensselaer, N.Y.)</subfield></datafield><datafield ind1="1" ind2="4" tag="245"><subfield code="a">The transcript.</subfield></datafield><datafield ind1="3" ind2="0" tag="246"><subfield code="a">Deeper Hudson transcript</subfield></datafield><datafield ind1=" " ind2=" " tag="260"><subfield code="a">Rensselaer, N.Y. :</subfield><subfield code="b">R.A. Nalley</subfield></datafield><datafield ind1=" " ind2=" " tag="300"><subfield code="a">v. :</subfield><subfield code="b">ill. ;</subfield><subfield code="c">57 cm.</subfield></datafield><datafield ind1=" " ind2=" " tag="310"><subfield code="a">Weekly</subfield></datafield><datafield ind1="1" ind2=" " tag="362"><subfield code="a">Began in 1928.</subfield></datafield><datafield ind1=" " ind2=" " tag="500"><subfield code="a">"Deeper Hudson" appears in logo, &lt;June 21-Oct.4, 1929&gt;.</subfield></datafield><datafield ind1=" " ind2=" " tag="588"><subfield code="a">Description based on: Vol. 2, no. 25 (June 21, 1929); title from caption.</subfield></datafield><datafield ind1=" " ind2=" " tag="588"><subfield code="a">Latest issue consulted: Feb. 17, 1939.</subfield></datafield><datafield ind1=" " ind2="4" tag="651"><subfield code="a">Rensselaer (N.Y.)</subfield><subfield code="v">Newspapers.</subfield></datafield><datafield ind1=" " ind2=" " tag="752"><subfield code="a">United States</subfield><subfield code="b">New York</subfield><subfield code="c">Rensselaer</subfield><subfield code="d">Rensselaer.</subfield></datafield><datafield ind1="1" ind2=" " tag="029"><subfield code="a">AU@</subfield><subfield code="b">000025798008</subfield></datafield></record>